@BOOK{Lamport86,
	TITLE = "{LaTeX} --- a document preparation system --- user's guide
	and reference manual",
	AUTHOR = "Lamport, L.",
	PUBLISHER = "Addison-Wesley",
	YEAR = "1986"}
