@misc {
	DFLG, 
	author = "Ryan A. Rossi, Rong Zhou, and Nesreen K. Ahmed",
	title = "Deep Feature Learning for Graphs",
	url  = "https://arxiv.org/pdf/1704.08829.pdf",
	year = 2017
}