@Article{a,
	author = {test},
	title = {test},
	journal = {test},
	year = {test},
}

@Book{123,
	author = {test},
	title = {testulet},
	publisher = {eu},
	year = {year},
}
